@article{Mcgovern,
	author = {Mcgovern, Amy and Lagerquist, Ryan and Gagne, David and Jergensen, G. and Elmore, Kimberly and Homeyer, Cameron and Smith, Travis},
	year = {2019},
	month = {08},
	pages = {},
	title = {Making the Black Box More Transparent: Understanding the Physical Implications of Machine Learning},
	volume = {100},
	journal = {Bulletin of the American Meteorological Society},
	doi = {10.1175/BAMS-D-18-0195.1}
}
@book{molnar2019,
  title      = {Interpretable Machine Learning},
  author     = {Christoph Molnar},
  note       = {\url{https://christophm.github.io/interpretable-ml-book/}},
  year       = {2019},
  subtitle   = {A Guide for Making Black Box Models Explainable}
}
@misc{he2015deep,
	author={Kaiming He and Xiangyu Zhang and Shaoqing Ren and Jian Sun},
	title={Deep Residual Learning for Image Recognition}, 
	year={2015},
	eprint={1512.03385},
	archivePrefix={arXiv},
	primaryClass={cs.CV}
}
@article{DBLP:journals/corr/abs-1805-01890,
	author    = {Kamran Kowsari and
	Mojtaba Heidarysafa and
	Donald E. Brown and
	Kiana Jafari Meimandi and
	Laura E. Barnes},
	title     = {{RMDL:} Random Multimodel Deep Learning for Classification},
	journal   = {CoRR},
	volume    = {abs/1805.01890},
	year      = {2018},
	url       = {http://arxiv.org/abs/1805.01890},
	eprinttype = {arXiv},
	eprint    = {1805.01890},
	timestamp = {Mon, 13 Aug 2018 16:49:10 +0200},
	biburl    = {https://dblp.org/rec/journals/corr/abs-1805-01890.bib},
	bibsource = {dblp computer science bibliography, https://dblp.org}
}
@article{DBLP:journals/corr/abs-1905-01392,
	author    = {Martin Wistuba and
	Ambrish Rawat and
	Tejaswini Pedapati},
	title     = {A Survey on Neural Architecture Search},
	journal   = {CoRR},
	volume    = {abs/1905.01392},
	year      = {2019},
	url       = {http://arxiv.org/abs/1905.01392},
	eprinttype = {arXiv},
	eprint    = {1905.01392},
	timestamp = {Mon, 27 May 2019 13:15:00 +0200},
	biburl    = {https://dblp.org/rec/journals/corr/abs-1905-01392.bib},
	bibsource = {dblp computer science bibliography, https://dblp.org}
}